@inproceedings{a,
  title={Raising the cost of malicious ai-powered image editing},
  author={H. Salman and A. Khaddaj and G. Leclerc and A. Ilyas and A. Madry},
  publisher={arXiv preprint},
  year={2023}
}

@inproceedings{b,
  title={Protecting against StyleGan-based image manipulation},
  author={A. Hertz and R. Mokady and Y. Nitzan},
  year={2022},
  address={Tel Aviv University}  
}

@inproceedings{c,
  title={StyleCLIP: Text-Driven Manipulation of StyleGAN Imagery},
  author={Or Patashnik and Zongze Wu and Eli Shechtman and Daniel Cohen-Or and Dani Lischinski}
}
